@article{ross1977determination,
  title={The determination of financial structure: the incentive-signalling approach},
  author={Ross, Stephen A},
  journal={The bell journal of economics},
  pages={23--40},
  year={1977},
  publisher={JSTOR}
}
@article{leland1977informational,
	title={Informational asymmetries, financial structure, and financial intermediation},
	author={Leland, Hayne E and Pyle, David H},
	journal={The journal of Finance},
	volume={32},
	number={2},
	pages={371--387},
	year={1977},
	publisher={JSTOR}
}
@article{heinkel1982theory,
	title={A theory of capital structure relevance under imperfect information},
	author={Heinkel, Robert},
	journal={The journal of finance},
	volume={37},
	number={5},
	pages={1141--1150},
	year={1982},
	publisher={Wiley Online Library}
}
@article{blazenko1987managerial,
	title={Managerial preference, asymmetric information, and financial structure},
	author={Blazenko, George W},
	journal={The journal of finance},
	volume={42},
	number={4},
	pages={839--862},
	year={1987},
	publisher={Wiley Online Library}
}
@article{poitevin1989financial,
	title={Financial signalling and the" deep-pocket" argument},
	author={Poitevin, Michel},
	journal={The RAND Journal of Economics},
	pages={26--40},
	year={1989},
	publisher={JSTOR}
}
@incollection{long1985investment,
	title={Investment patterns and financial leverage},
	author={Long, Michael S and Malitz, Ileen B},
	booktitle={Corporate capital structures in the United States},
	pages={325--352},
	year={1985},
	publisher={University of Chicago Press}
}
@article{chang1999capital,
	title={Capital structure as optimal contracts},
	author={Chang, Chun},
	journal={The North American Journal of Economics and Finance},
	volume={10},
	number={2},
	pages={363--385},
	year={1999},
	publisher={Elsevier}
}
@article{friend1988empirical,
	title={An empirical test of the impact of managerial self-interest on corporate capital structure},
	author={Friend, Irwin and Lang, Larry HP},
	journal={the Journal of Finance},
	volume={43},
	number={2},
	pages={271--281},
	year={1988},
	publisher={Wiley Online Library}
}
@article{titman1988determinants,
	title={The determinants of capital structure choice},
	author={Titman, Sheridan and Wessels, Roberto},
	journal={The Journal of finance},
	volume={43},
	number={1},
	pages={1--19},
	year={1988},
	publisher={Wiley Online Library}
}
@book{gonedes1987empirical,
	title={Empirical results on managerial incentives and capital structure},
	author={Gonedes, Nicholas J},
	year={1987}
}
@article{myers1977determinants,
	title={Determinants of corporate borrowing},
	author={Myers, Stewart C},
	journal={Journal of financial economics},
	volume={5},
	number={2},
	pages={147--175},
	year={1977},
	publisher={Elsevier}
}
@article{lang1996leverage,
	title={Leverage, investment, and firm growth},
	author={Lang, Larry and Ofek, Eli and Stulz, Ren{\'e}M},
	journal={Journal of financial Economics},
	volume={40},
	number={1},
	pages={3--29},
	year={1996},
	publisher={Elsevier}
}
@article{bernanke1990us,
	title={US corporate leverage: developments in 1987 and 1988},
	author={Bernanke, Ben S and Campbell, John Y and Whited, Toni M and Warshawsky, Mark},
	journal={Brookings Papers on Economic Activity},
	volume={1990},
	number={1},
	pages={255--286},
	year={1990},
	publisher={JSTOR}
}
@article{lys1988earnings,
	title={Earnings expectations and capital restructuring: The case of equity-for-debt swaps},
	author={Lys, Thomas and Sivaramakrishnan, Konduru},
	journal={Journal of Accounting Research},
	pages={273--299},
	year={1988},
	publisher={JSTOR}
}
@article{cornett1989information,
	title={Information effects associated with debt-for-equity and equity-for-debt exchange offers},
	author={Cornett, Marcia Millon and Travlos, Nickolaos G},
	journal={The Journal of Finance},
	volume={44},
	number={2},
	pages={451--468},
	year={1989},
	publisher={Wiley Online Library}
}
@article{israel1991capital,
	title={Capital structure and the market for corporate control: The defensive role of debt financing},
	author={Israel, Ronen},
	journal={The Journal of Finance},
	volume={46},
	number={4},
	pages={1391--1409},
	year={1991},
	publisher={Wiley Online Library}
}
@article{rajan1995we,
	title={What do we know about capital structure? Some evidence from international data},
	author={Rajan, Raghuram G and Zingales, Luigi},
	journal={The journal of Finance},
	volume={50},
	number={5},
	pages={1421--1460},
	year={1995},
	publisher={Wiley Online Library}
}
@article{chaplinsky1994role,
	title={The role of ESOPs in takeover contests},
	author={Chaplinsky, Susan and Niehaus, Greg},
	journal={The journal of finance},
	volume={49},
	number={4},
	pages={1451--1470},
	year={1994},
	publisher={Wiley Online Library}
}
@article{harris1990capital,
	title={Capital structure and the informational role of debt},
	author={Harris, Milton and Raviv, Artur},
	journal={The Journal of Finance},
	volume={45},
	number={2},
	pages={321--349},
	year={1990},
	publisher={Wiley Online Library}
}