@article{bobak2001seasonality,
	title={The seasonality of live birth is strongly influenced by socio-demographic factors},
	author={Bobak, Martin and Gjonca, Arjan},
	journal={Human reproduction},
	volume={16},
	number={7},
	pages={1512--1517},
	year={2001},
	publisher={Oxford University Press}
}

@book{williams2006gaussian,
	title={Gaussian processes for machine learning},
	author={Williams, Christopher K and Rasmussen, Carl Edward},
	volume={2},
	number={3},
	year={2006},
	publisher={MIT press Cambridge, MA}
}

@article{cleveland1990stl,
	title={STL: A seasonal-trend decomposition},
	author={Cleveland, Robert B and Cleveland, William S and McRae, Jean E and Terpenning, Irma},
	journal={J. Off. Stat},
	volume={6},
	number={1},
	pages={3--73},
	year={1990}
}

@article{yang2021analysing,
	title={Analysing the seasonality of births in mainland China},
	author={Yang, Yuxiang},
	journal={Journal of Biosocial Science},
	volume={53},
	number={2},
	pages={233--246},
	year={2021},
	publisher={Cambridge University Press}
}